<record><leader>00000cas a22000001a 4500</leader><controlfield tag="001">32599762</controlfield><controlfield tag="007">hd afb018baca</controlfield><controlfield tag="007">hd bfb018baaa</controlfield><controlfield tag="008">950606u1935uuuunyuwn nea     0   a0swe c</controlfield><datafield ind1=" " ind2=" " tag="010"><subfield code="a">sn 94090429 </subfield></datafield><datafield ind1=" " ind2=" " tag="040"><subfield code="a">NN</subfield><subfield code="b">eng</subfield><subfield code="c">RQM</subfield><subfield code="d">OCLCQ</subfield><subfield code="d">OCLCF</subfield><subfield code="d">OCLCO</subfield><subfield code="d">OCLCQ</subfield></datafield><datafield ind1=" " ind2=" " tag="012"><subfield code="i">9506</subfield></datafield><datafield ind1="0" ind2=" " tag="022"><subfield code="a">0895-2612</subfield><subfield code="l">0895-2612</subfield><subfield code="2">1</subfield></datafield><datafield ind1=" " ind2=" " tag="032"><subfield code="a">391560</subfield><subfield code="b">USPS</subfield></datafield><datafield ind1=" " ind2=" " tag="037"><subfield code="b">Norden News, 123 W. 44th St., 12C, New York, NY 10036</subfield></datafield><datafield ind1="0" ind2=" " tag="041"><subfield code="a">swe</subfield><subfield code="a">eng</subfield></datafield><datafield ind1=" " ind2=" " tag="042"><subfield code="a">pcc</subfield></datafield><datafield ind1=" " ind2=" " tag="043"><subfield code="a">n-us-ny</subfield></datafield><datafield ind1="1" ind2="0" tag="082"><subfield code="a">305</subfield><subfield code="2">11</subfield></datafield><datafield ind1="0" ind2=" " tag="130"><subfield code="a">Norden (Brooklyn, New York, N.Y.)</subfield></datafield><datafield ind1="0" ind2=" " tag="210"><subfield code="a">Norden</subfield><subfield code="b">(N.Y.N.Y.)</subfield></datafield><datafield ind1=" " ind2="0" tag="222"><subfield code="a">Norden</subfield><subfield code="b">(New York, N.Y.)</subfield></datafield><datafield ind1="1" ind2="0" tag="245"><subfield code="a">Norden.</subfield></datafield><datafield ind1=" " ind2=" " tag="260"><subfield code="a">Brooklyn, N.Y. :</subfield><subfield code="b">Finnish American,</subfield><subfield code="c">1935-</subfield></datafield><datafield ind1=" " ind2=" " tag="300"><subfield code="a">volumes :</subfield><subfield code="b">illustrations ;</subfield><subfield code="c">38 cm</subfield></datafield><datafield ind1=" " ind2=" " tag="310"><subfield code="a">Weekly (except last week of July, first 2 weeks of Aug., and last week of Dec.),</subfield><subfield code="b">&lt;Oct. 18, 1990&gt;-</subfield></datafield><datafield ind1=" " ind2=" " tag="321"><subfield code="a">Weekly,</subfield><subfield code="b">May 2, 1935-</subfield></datafield><datafield ind1=" " ind2=" " tag="321"><subfield code="a">Weekly (except the 1st and 2nd weeks of Aug.)</subfield></datafield><datafield ind1=" " ind2=" " tag="321"><subfield code="a">Weekly (except 3 weeks during summer),</subfield><subfield code="b">&lt;June 11, 1987&gt;-</subfield></datafield><datafield ind1=" " ind2=" " tag="336"><subfield code="a">text</subfield><subfield code="b">txt</subfield><subfield code="2">rdacontent</subfield></datafield><datafield ind1=" " ind2=" " tag="337"><subfield code="a">microform</subfield><subfield code="b">h</subfield><subfield code="2">rdamedia</subfield></datafield><datafield ind1=" " ind2=" " tag="338"><subfield code="a">microfilm reel</subfield><subfield code="b">hd</subfield><subfield code="2">rdacarrier</subfield></datafield><datafield ind1="0" ind2=" " tag="362"><subfield code="a">39:de a&#778;rg. no. 18 (May 2, 1935)-</subfield></datafield><datafield ind1=" " ind2=" " tag="500"><subfield code="a">"Finska amerikanaren."</subfield></datafield><datafield ind1=" " ind2=" " tag="500"><subfield code="a">"Folktiding fo&#776;r finlandssvenskarna i Amerika."</subfield></datafield><datafield ind1=" " ind2=" " tag="500"><subfield code="a">Imprint varies: New York, N.Y. : Norden News, Inc., &lt;June 11, 1987-&gt;.</subfield></datafield><datafield ind1=" " ind2=" " tag="546"><subfield code="a">In Swedish with some advertisements in English.</subfield></datafield><datafield ind1=" " ind2=" " tag="533"><subfield code="a">Microfilm.</subfield><subfield code="m">maj 2,1935-dec. 25,1947. On film with related titles.</subfield><subfield code="b">New York :</subfield><subfield code="c">New York Public Library,</subfield><subfield code="d">[19--].</subfield><subfield code="e">5 microfilm reels ; 35 mm.</subfield></datafield><datafield ind1=" " ind2="0" tag="650"><subfield code="a">Finnish Americans</subfield><subfield code="z">New York (State)</subfield><subfield code="v">Newspapers.</subfield></datafield><datafield ind1=" " ind2="4" tag="651"><subfield code="a">Brooklyn (New York, N.Y.)</subfield><subfield code="v">Newspapers.</subfield></datafield><datafield ind1=" " ind2="4" tag="651"><subfield code="a">Kings County (N.Y.)</subfield><subfield code="v">Newspapers.</subfield></datafield><datafield ind1=" " ind2="7" tag="650"><subfield code="a">Finnish Americans.</subfield><subfield code="2">fast</subfield><subfield code="0">(OCoLC)fst00924936</subfield></datafield><datafield ind1=" " ind2="7" tag="651"><subfield code="a">New York (State)</subfield><subfield code="2">fast</subfield><subfield code="0">(OCoLC)fst01210280</subfield></datafield><datafield ind1=" " ind2="7" tag="655"><subfield code="a">Newspapers.</subfield><subfield code="2">fast</subfield><subfield code="0">(OCoLC)fst01423814</subfield></datafield><datafield ind1=" " ind2=" " tag="752"><subfield code="a">United States</subfield><subfield code="b">New York</subfield><subfield code="c">Kings</subfield><subfield code="d">Brooklyn.</subfield></datafield><datafield ind1=" " ind2=" " tag="752"><subfield code="a">United States</subfield><subfield code="b">New York</subfield><subfield code="d">New York.</subfield></datafield><datafield ind1="1" ind2=" " tag="776"><subfield code="c">Original</subfield><subfield code="w">(DLC)sn 83045320</subfield></datafield><datafield ind1="0" ind2="0" tag="780"><subfield code="t">Finska Amerikanaren</subfield><subfield code="w">(DLC)sn 94090429</subfield></datafield><datafield ind1=" " ind2=" " tag="850"><subfield code="a">NN</subfield><subfield code="a">NN (master)</subfield></datafield><datafield ind1="1" ind2=" " tag="029"><subfield code="a">AU@</subfield><subfield code="b">000011784821</subfield></datafield></record>